<?xml version="1.0" encoding="UTF-8"?><collection xmlns="http://www.loc.gov/MARC21/slim"><record><leader>00353nam--2200133-i-4500</leader><controlfield tag="001">000007903</controlfield><controlfield tag="002">20161230</controlfield><controlfield tag="005">20170222151345</controlfield><controlfield tag="008">060222s1000------------r-----000-0-eng-d</controlfield><datafield ind1=" " ind2=" " tag="245"><subfield code="a">The role and requirements of heavy water in Canada and the world</subfield></datafield><datafield ind1=" " ind2=" " tag="260"><subfield code="a">F.Loc</subfield><subfield code="b">F.Ed</subfield><subfield code="c">1966</subfield></datafield><datafield ind1=" " ind2=" " tag="300"><subfield code="a">34 p</subfield></datafield><datafield ind1=" " ind2=" " tag="700"><subfield code="a">Cochran, D. R</subfield></datafield><datafield ind1=" " ind2=" " tag="CAT"><subfield code="a">SYS</subfield><subfield code="c">20170222</subfield><subfield code="h">151345</subfield></datafield></record></collection>